<record><leader>02075nam a2200397 i 4500</leader><controlfield tag="001">6799910</controlfield><controlfield tag="003">StDuBDS</controlfield><controlfield tag="005">20150101193037.0</controlfield><controlfield tag="006">m||||||||d||||||||</controlfield><controlfield tag="007">cr |||||||||||</controlfield><controlfield tag="008">141203s2015    ctu    fo|    000|e|eng|d</controlfield><datafield ind1=" " ind2=" " tag="020"><subfield code="a">9780300210583 (ebook) :</subfield><subfield code="c">&#163;33.60</subfield></datafield><datafield ind1=" " ind2=" " tag="035"><subfield code="a">ocn902984712</subfield></datafield><datafield ind1=" " ind2=" " tag="039"><subfield code="a">exclude</subfield></datafield><datafield ind1=" " ind2=" " tag="040"><subfield code="a">StDuBDS</subfield><subfield code="b">eng</subfield><subfield code="c">StDuBDS</subfield><subfield code="e">rda</subfield><subfield code="e">pn</subfield><subfield code="d">AEU</subfield></datafield><datafield ind1=" " ind2="4" tag="050"><subfield code="a">PS3515</subfield></datafield><datafield ind1="0" ind2="4" tag="082"><subfield code="a">814.54</subfield><subfield code="2">23</subfield></datafield><datafield ind1=" " ind2=" " tag="090"><subfield code="a">Internet Access</subfield><subfield code="b">AEU</subfield></datafield><datafield ind1="1" ind2=" " tag="100"><subfield code="a">Howe, Irving,</subfield><subfield code="e">author.</subfield></datafield><datafield ind1="1" ind2="0" tag="240"><subfield code="a">Essays.</subfield><subfield code="k">Selections</subfield></datafield><datafield ind1="1" ind2="2" tag="245"><subfield code="a">A voice still heard :</subfield><subfield code="b">selected essays of Irving Howe /</subfield><subfield code="c">Irving Howe, Nina Howe, and Morris Dickstein.</subfield></datafield><datafield ind1=" " ind2="1" tag="264"><subfield code="a">New Haven :</subfield><subfield code="b">Yale University Press,</subfield><subfield code="c">2015.</subfield></datafield><datafield ind1=" " ind2=" " tag="300"><subfield code="a">1 online resource</subfield></datafield><datafield ind1=" " ind2=" " tag="336"><subfield code="a">text</subfield><subfield code="2">rdacontent</subfield></datafield><datafield ind1=" " ind2=" " tag="337"><subfield code="a">computer</subfield><subfield code="2">rdamedia</subfield></datafield><datafield ind1=" " ind2=" " tag="338"><subfield code="a">online resource</subfield><subfield code="2">rdacarrier</subfield></datafield><datafield ind1=" " ind2=" " tag="504"><subfield code="a">Includes bibliographical references.</subfield></datafield><datafield ind1=" " ind2=" " tag="506"><subfield code="a">Access restricted to authorized users and institutions.</subfield></datafield><datafield ind1="8" ind2=" " tag="520"><subfield code="a">Man of letters, political critic, public intellectual, Irving Howe was one of America's most exemplary and embattled writers. Since his death in 1993, Howe's work and his personal example of commitment to high principle, both literary and political, have had a vigorous afterlife. This posthumous collection includes 26 essays that originally appeared in publications such as the New York Review of Books, the New Republic, and the Nation. Taken together, they reveal the depth and breadth of Howe's enthusiasms and range over politics, literature, Judaism, and the tumults of American society.</subfield></datafield><datafield ind1=" " ind2=" " tag="588"><subfield code="a">Description based on online resource; title from home page (viewed on December 3, 2014).</subfield></datafield><datafield ind1=" " ind2=" " tag="596"><subfield code="a">44</subfield></datafield><datafield ind1="1" ind2=" " tag="700"><subfield code="a">Howe, Nina,</subfield><subfield code="e">editor.</subfield></datafield><datafield ind1="1" ind2=" " tag="700"><subfield code="a">Dickstein, Morris,</subfield><subfield code="e">contributor.</subfield></datafield><datafield ind1="4" ind2="0" tag="856"><subfield code="3">University of Alberta Access</subfield><subfield code="u">http://dx.doi.org/10.12987/yale/9780300203660.001.0001</subfield><subfield code="z">(Unlimited Concurrent Users)</subfield></datafield><datafield ind1=" " ind2=" " tag="949"><subfield code="h">UAIN</subfield><subfield code="z">UPSO</subfield></datafield><datafield ind1=" " ind2=" " tag="926"><subfield code="a">Internet Access</subfield><subfield code="w">LC</subfield><subfield code="c">1</subfield><subfield code="i">6799910-1001</subfield><subfield code="l">INTERNET</subfield><subfield code="m">UAINTERNET</subfield><subfield code="p">$33.60</subfield><subfield code="r">Y</subfield><subfield code="s">Y</subfield><subfield code="t">E-RESOURCE</subfield><subfield code="u">2/6/2015</subfield><subfield code="x">E-BOOK</subfield><subfield code="z">UPSO</subfield></datafield></record>